<?xml version="1.0" encoding="UTF-8"?><collection xmlns="http://www.loc.gov/MARC21/slim"><record><leader>00334nam--2200121-i-4500</leader><controlfield tag="001">000045473</controlfield><controlfield tag="002">20161230</controlfield><controlfield tag="005">20161230201045</controlfield><controlfield tag="008">060222s1000------------r-----000-0-eng-d</controlfield><datafield ind1=" " ind2=" " tag="100"><subfield code="a">Trelease, Sam F</subfield></datafield><datafield ind1=" " ind2=" " tag="245"><subfield code="a">How to write scientific and technical papers</subfield></datafield><datafield ind1=" " ind2=" " tag="260"><subfield code="a">Baltimore, The Williams &amp; Wilkins Co., 1958, Xii+185p</subfield></datafield><datafield ind1=" " ind2=" " tag="852"><subfield code="a">18560</subfield></datafield></record></collection>